<record><leader>01080cam a2200313 i 45 0</leader><controlfield tag="001">6786870</controlfield><controlfield tag="003">OCoLC</controlfield><controlfield tag="005">20150122153035.0</controlfield><controlfield tag="008">140623t20152014nyu      b    001 0 eng d</controlfield><datafield ind1=" " ind2=" " tag="020"><subfield code="a">1476707553</subfield></datafield><datafield ind1=" " ind2=" " tag="020"><subfield code="a">9781476707556</subfield></datafield><datafield ind1=" " ind2=" " tag="035"><subfield code="a">ocn881656247</subfield></datafield><datafield ind1=" " ind2=" " tag="040"><subfield code="a">YDXCP</subfield><subfield code="b">eng</subfield><subfield code="e">rda</subfield><subfield code="c">YDXCP</subfield><subfield code="d">OCLCQ</subfield><subfield code="d">BTCTA</subfield><subfield code="d">BDX</subfield><subfield code="d">AEVC</subfield></datafield><datafield ind1=" " ind2=" " tag="090"><subfield code="a">PAP 500</subfield><subfield code="b">AEVC</subfield></datafield><datafield ind1="1" ind2=" " tag="100"><subfield code="a">Riskin, Dan,</subfield><subfield code="e">author.</subfield></datafield><datafield ind1="0" ind2="0" tag="245"><subfield code="a">Mother nature is trying to kill you :</subfield><subfield code="b">a lively tour through the dark side of the natural world/</subfield><subfield code="c">Dan Riskin, PhD.</subfield></datafield><datafield ind1=" " ind2="1" tag="264"><subfield code="a">New York:</subfield><subfield code="b">Touchstone, a division of Simon &amp; Schuster, Inc.,</subfield><subfield code="c">2015.</subfield></datafield><datafield ind1=" " ind2="4" tag="264"><subfield code="c">&#169;2014.</subfield></datafield><datafield ind1=" " ind2=" " tag="300"><subfield code="a">ix, 260 pages;</subfield><subfield code="c">22 cm</subfield></datafield><datafield ind1=" " ind2=" " tag="336"><subfield code="a">text</subfield><subfield code="b">txt</subfield><subfield code="2">rdacontent</subfield></datafield><datafield ind1=" " ind2=" " tag="337"><subfield code="a">unmediated</subfield><subfield code="b">n</subfield><subfield code="2">rdamedia</subfield></datafield><datafield ind1=" " ind2=" " tag="338"><subfield code="a">volume</subfield><subfield code="b">nc</subfield><subfield code="2">rdacarrier</subfield></datafield><datafield ind1=" " ind2=" " tag="504"><subfield code="a">Includes bibliographical references and index.</subfield></datafield><datafield ind1=" " ind2=" " tag="596"><subfield code="a">3</subfield></datafield><datafield ind1=" " ind2="0" tag="650"><subfield code="a">Predation (Biology)</subfield></datafield><datafield ind1=" " ind2="0" tag="650"><subfield code="a">Predatory animals.</subfield></datafield><datafield ind1=" " ind2="0" tag="650"><subfield code="a">Predatory insects.</subfield></datafield><datafield ind1=" " ind2="0" tag="650"><subfield code="a">Parasites.</subfield></datafield><datafield ind1=" " ind2=" " tag="926"><subfield code="a">PAP 500</subfield><subfield code="w">ASIS</subfield><subfield code="c">1</subfield><subfield code="i">33862001351711</subfield><subfield code="l">PAPERBACKS</subfield><subfield code="m">NORQ_MAIN</subfield><subfield code="p">$15.19</subfield><subfield code="r">Y</subfield><subfield code="s">Y</subfield><subfield code="t">PAPERBACK</subfield><subfield code="u">1/22/2015</subfield></datafield></record>